%% LaTeX2e file `metrics_exams.bib'
%% generated by the `filecontents' environment
%% from source `metrics_exams' on 2017/08/28.
%%
@misc{mathoverflow0trace,
  title={Смысл следа матрицы},
  url={http://mathoverflow.net/questions/13526/}
}

